@article{Relatorio FEUP,
	author={{Filipe Seabra Figueiredo}},
	title={{Computadores Quânticos}},
	month={jul},
	year={2012},
	note = "[Online; acedido em Novembro de 2017]"
}


@article{mattielo2012decifrando,
  title={Decifrando a computa{\c{c}}{\~a}o qu{\^a}ntica},
  author={Mattielo, Felipe and Silva, Gesiel Gomes and de Amorim, Ronni Geraldo Gomes and others},
  journal={Caderno de F{\'\i}sica da UEFS},
  volume={10},
  pages={31--44},
  year={2012}
}

@article{R{\o}nnow420,
	author = {R{\o}nnow, Troels F. and Wang, Zhihui and Job, Joshua and Boixo, Sergio and Isakov, Sergei V. and Wecker, David and Martinis, John M. and Lidar, Daniel A. and Troyer, Matthias},
	title = {Defining and detecting quantum speedup},
	volume = {345},
	number = {6195},
	pages = {420--424},
	year = {2014},
	doi = {10.1126/science.1252319},
	publisher = {American Association for the Advancement of Science},
	abstract = {Quantum machines offer the possibility of performing certain computations much faster than their classical counterparts. However, how to define and measure quantum speedup is a topic of debate. R{\o}nnow et al. describe methods for fairly evaluating the difference in computational power between classical and quantum processors. They define various types of quantum speedup and consider quantum processors that are designed to solve a specific class of problems.Science, this issue p. 420The development of small-scale quantum devices raises the question of how to fairly assess and detect quantum speedup. Here, we show how to define and measure quantum speedup and how to avoid pitfalls that might mask or fake such a speedup. We illustrate our discussion with data from tests run on a D-Wave Two device with up to 503 qubits. By using random spin glass instances as a benchmark, we found no evidence of quantum speedup when the entire data set is considered and obtained inconclusive results when comparing subsets of instances on an instance-by-instance basis. Our results do not rule out the possibility of speedup for other classes of problems and illustrate the subtle nature of the quantum speedup question.},

	author={R{\o}nnow, Troels F. and Wang, Zhihui and Job, Joshua and Boixo, Sergio and Isakov, Sergei V. and Wecker, David and Martinis, John M. and Lidar, Daniel A. and Troyer, Matthias},
	title={Defining and detecting quantum speedup},
	volume={345},
	number={6195},
	pages={420--424},
	year={2014},
	doi={10.1126/science.1252319},
	publisher={American Association for the Advancement of Science},
	abstract={Quantum machines offer the possibility of performing certain computations much faster than their classical counterparts. However, how to define and measure quantum speedup is a topic of debate. R{\o}nnow et al. describe methods for fairly evaluating the difference in computational power between classical and quantum processors. They define various types of quantum speedup and consider quantum processors that are designed to solve a specific class of problems.Science, this issue p. 420The development of small-scale quantum devices raises the question of how to fairly assess and detect quantum speedup. Here, we show how to define and measure quantum speedup and how to avoid pitfalls that might mask or fake such a speedup. We illustrate our discussion with data from tests run on a D-Wave Two device with up to 503 qubits. By using random spin glass instances as a benchmark, we found no evidence of quantum speedup when the entire data set is considered and obtained inconclusive results when comparing subsets of instances on an instance-by-instance basis. Our results do not rule out the possibility of speedup for other classes of problems and illustrate the subtle nature of the quantum speedup question.},
	issn = {0036-8075},
	URL = {http://science.sciencemag.org/content/345/6195/420},
	eprint = {http://science.sciencemag.org/content/345/6195/420.full.pdf},
	journal = {Science}
}

@article{shin2014quantum,
  title={How" Quantum" is the D-Wave Machine?},
  author={Shin, Seung Woo and Smith, Graeme and Smolin, John A and Vazirani, Umesh},
  journal={arXiv preprint arXiv:1401.7087},
  year={2014}
}

@article{freedman2003topological,
  title={Topological quantum computation},
  author={Freedman, Michael and Kitaev, Alexei and Larsen, Michael and Wang, Zhenghan},
  journal={Bulletin of the American Mathematical Society},
  volume={40},
  number={1},
  pages={31--38},
  year={2003}
}

@article{steane1998quantum,
  title={Quantum computing},
  author={Steane, Andrew},
  journal={Reports on Progress in Physics},
  volume={61},
  number={2},
  pages={117},
  year={1998},
  publisher={IOP Publishing}
}

@inproceedings{yao1993quantum,
  title={Quantum circuit complexity},
  author={Yao, A Chi-Chih},
  booktitle={Foundations of Computer Science, 1993. Proceedings., 34th Annual Symposium on},
  pages={352--361},
  year={1993},
  organization={IEEE}
}

@article{blais2000operation,
  title={Operation of universal gates in a solid-state quantum computer based on clean Josephson junctions between d-wave superconductors},
  author={Blais, Alexandre and Zagoskin, Alexandre M},
  journal={Physical Review A},
  volume={61},
  number={4},
  pages={042308},
  year={2000},
  publisher={APS}
}

@article{cirac1995quantum,
  title={Quantum computations with cold trapped ions},
  author={Cirac, Juan I and Zoller, Peter},
  journal={Physical review letters},
  volume={74},
  number={20},
  pages={4091},
  year={1995},
  publisher={APS}
}

@article{o2007optical,
  title={Optical quantum computing},
  author={O'brien, Jeremy L},
  journal={Science},
  volume={318},
  number={5856},
  pages={1567--1570},
  year={2007},
  publisher={American Association for the Advancement of Science}
}

@article{kozarskidiamond,
  title={Diamond-based Quantum Computer},
  author={Kozarski, Filip}
}


@book{gruska1999quantum,
  title={Quantum computing},
  author={Gruska, Jozef},
  volume={2005},
  year={1999},
  publisher={McGraw-Hill London}
}

@article{monroe1995demonstration,
  title={Demonstration of a fundamental quantum logic gate},
  author={Monroe, Chris and Meekhof, DM and King, BE and Itano, Wayne M and Wineland, David J},
  journal={Physical review letters},
  volume={75},
  number={25},
  pages={4714},
  year={1995},
  publisher={APS}
}

@misc{D-Wave 2000Q,
	title={Image of the D-Wave 2000Q},
	author={D-Wave Systems},
	URL={https://www.dwavesys.com/sites/default/files/styles/large/public/field/image/2000Q%20Systems%20in%20Lab%20for%20website.jpg?itok=97n4m7Bv}
}

@misc{D-Wave One,
	title={Image of the D-Wave One},
	author={D-Wave Systems},
	URL={http://www.kurzweilai.net/images/dwave_ones_in_the_lab_large.jpg}
}

@misc{Colin Williams,
	title={Image of Colin Williams},
	author={D-Wave Systems},
	URL={https://www.dwavesys.com/sites/default/files/styles/large/public/field/image/colin-williams-2.jpg?itok=tU3KTnQz}
}

@misc{D-Wave Logo,
	title={D-Wave Logo},
	author={D-Wave Systems},
	URL={http://media.marketwire.com/attachments/201312/207917_D-WaveLogo.jpg}
}

@misc{Controlled NOT gate,
	title={Controlled NOT gate},
	author={David Boden},
	URL={https://upload.wikimedia.org/wikipedia/commons/thumb/b/bc/CNOT_Hadamard_Basis.svg/1024px-CNOT_Hadamard_Basis.svg.png}
}

@misc{Matriz CNOT,
	title={Matriz CNOT},
	URL={https://encrypted-tbn0.gstatic.com/images?q=tbn:ANd9GcRo3mqAy7BSwLPnSKC5j8wKSOqjVr4mBoDY-6Zbj0dbZzCelCQS}
}

@misc{Josephson junctions,
	title={Josephson junctions},
	URL={https://mappingignorance.org/fx/media/2015/04/Josephson-junction.jpg}
}

@misc{D-Wave Orion,
	title={D-Wave Orion},
	author={D-Wave Systems},
	URL={http://thefutureofthings.com/upload/image/news/d-wave-demonstrates-28-qubit-quantum-computer/orion-chip-d-wave.jpg}
}

@misc{Porta Hadamard,
	title={Porta Hadamard},
	URL={https://upload.wikimedia.org/wikipedia/commons/thumb/1/1a/Hadamard_gate.svg/1200px-Hadamard_gate.svg.png}
}

@misc{Rede Ótica,
	title={Rede Ótica},
	URL={https://questcosmic.files.wordpress.com/2014/01/simulac3a7c3a3o-de-uma-rede-c3b3tica.jpg?w=340&h=215}
}

@misc{RSA Cryptography,
	title={RSA Cryptography},
	URL={https://image.slidesharecdn.com/5cryptographypart1-13308987291698-phpapp02-120304160700-phpapp02/95/5-cryptography-part1-80-728.jpg?cb=1330877277}
}

@misc{Tanja Lange,
	title={Tanja Lange},
	URL={https://static.tue.nl/fileadmin/_processed_/f/1/csm_T2-003_Cryptography-Tanja-Lange1-700x416_c2e5af879e.jpg}
}

@misc{Matthias Troyer,
	title={Matthias Troyer},
	URL={https://www.microsoft.com/en-us/research/wp-content/uploads/2017/06/avatar_user__1496851438-180x180.jpg}
}

@misc{Troca de Chaves Diffie-Hellman,
	title={Troca de Chaves Diffie-Hellman},
	URL={https://image.slidesharecdn.com/126015847-seguranca-de-redes-criptografia-2-141027092036-conversion-gate01/95/126015847-segurancaderedescriptografia2-15-638.jpg?cb=1414401693}
}

@misc{Computador contido num diamante,
	title={Computador contido num diamante},
	URL={http://s.glbimg.com/po/tt/f/original/2012/04/10/cientistas-conseguem-criar-computador-quantico-em-um-diamante.jpg}
}

@misc{Fatorização e Logaritmo discreto,
	title={Fatorização e Logaritmo discreto},
	author={Alessando Dias Batista, André Paulena Alves, Mackenzie William Centofanti, Paulo Roberto Urio Vinicios Bordinhão},
	URL={http://www.ebah.com.br/content/ABAAAAY_EAI/computador-quantico}
}

@misc{Matriz de Hadamard,
	title={Matriz de Hadamard},
	URL={https://wikimedia.org/api/rest_v1/media/math/render/svg/c48e0f7e3fd0488a28cd52c555c0d675b3614cfa}
}

